@online{anthony,
  author = {Richard John Anthony},
  title = {Election Algorithm in Systems Programming},
  year = 2016,
  url = {https://www.sciencedirect.com/topics/computer-science/election-algorithm}
}

@online{brooker,
  author = {Marc Brooker},
  title = {Leader Election in Distributed Systems},
  url = {https://aws.amazon.com/builders-library/leader-election-in-distributed-systems/}
}

@online{hamilton,
  author = {Howard J. Hamilton},
  title = {Introduction to Operating Systems},
  url = {http://www2.cs.uregina.ca/~hamilton/courses/330/notes/distributed/distributed.html}
}